<?xml version="1.0" encoding="UTF-8"?><collection xmlns="http://www.loc.gov/MARC21/slim"><record><leader>00655nam--2200193-i-4500</leader><controlfield tag="001">000020352</controlfield><controlfield tag="002">20161230</controlfield><controlfield tag="005">20161230201033</controlfield><controlfield tag="008">060222s1000------------r-----000-0-rum-d</controlfield><datafield ind1=" " ind2=" " tag="040"><subfield code="a">IFIN-HH</subfield></datafield><datafield ind1=" " ind2=" " tag="041"><subfield code="a">rum</subfield></datafield><datafield ind1=" " ind2=" " tag="080"><subfield code="a">534.2:531.66</subfield></datafield><datafield ind1="1" ind2=" " tag="100"><subfield code="a">Constantinescu, Gogu</subfield></datafield><datafield ind1="1" ind2="0" tag="245"><subfield code="a">Teoria sonicitatii</subfield><subfield code="b">Tratat despre transmisiunea puterei prin vibratiuni.(traducere de ing.d. germani) editia a doua revizuita si redactata de: matei marinescu, mircea petcu si constantin jianu</subfield><subfield code="c">Gogu constantinescu</subfield></datafield><datafield ind1=" " ind2=" " tag="260"><subfield code="a">Bucuresti, Editura Academiei Rsr., 1985</subfield></datafield><datafield ind1=" " ind2=" " tag="300"><subfield code="a">249 P</subfield></datafield><datafield ind1="1" ind2=" " tag="787"><subfield code="a">vol. 1</subfield></datafield><datafield ind1=" " ind2=" " tag="852"><subfield code="a">72908</subfield><subfield code="c">534</subfield></datafield><datafield ind1=" " ind2=" " tag="CAT"><subfield code="a">Sys</subfield><subfield code="c">20101012</subfield><subfield code="h">144112</subfield></datafield></record></collection>